@BOOK{Smith:2022qr,
   title = {Chemistry},
   publisher = {Publisher},
   author = {Smith, J.~M. and Jones, A.~B.},
   year = {2022},
   edition = {7th},
}

@ARTICLE{Smith:2021jd,
	author = {Jones, A.~B. and Smith, J.~M.},
	title = {{A}rticle {T}itle},
	journal = {Journal title},
	year = {2021},
	volume = {13},
	pages = {123-456},
	number = {52},
	month = {3},
	publisher = {Publisher},
	doi = {10.1038/s41586-021-03616-x},
}

@article{Kamble:2021,
  author          = {Kamble, P. and Gawade S.},
  journal         = {International Journal of Advanced Research in Computer and Communication Engineering},
  number          = {12},
  title           = {DDA Line Drawing Algorithm},
  volume          = {10},
  year            = {2021}
}